<record><leader>00000cas a2200000 a 4500</leader><controlfield tag="001">26875109</controlfield><controlfield tag="008">921028d189u189uiluwr ne      0   a0eng c</controlfield><datafield ind1=" " ind2=" " tag="010"><subfield code="a">sn 92054642 </subfield></datafield><datafield ind1=" " ind2=" " tag="040"><subfield code="a">NVF</subfield><subfield code="b">eng</subfield><subfield code="c">NVF</subfield><subfield code="d">OCLCQ</subfield><subfield code="d">NVF</subfield><subfield code="d">OCLCQ</subfield><subfield code="d">OCLCF</subfield><subfield code="d">NVF</subfield><subfield code="d">OCLCO</subfield></datafield><datafield ind1="1" ind2=" " tag="029"><subfield code="a">AU@</subfield><subfield code="b">000020716863</subfield></datafield><datafield ind1=" " ind2=" " tag="042"><subfield code="a">pcc</subfield></datafield><datafield ind1=" " ind2=" " tag="043"><subfield code="a">n-us-il</subfield></datafield><datafield ind1="0" ind2="0" tag="245"><subfield code="a">Jackson County Republican free press.</subfield></datafield><datafield ind1="1" ind2="3" tag="246"><subfield code="a">Republican free press</subfield></datafield><datafield ind1=" " ind2=" " tag="260"><subfield code="a">Carbondale, Ill. :</subfield><subfield code="b">W.H. Hubbard</subfield></datafield><datafield ind1=" " ind2=" " tag="300"><subfield code="a">v.</subfield></datafield><datafield ind1=" " ind2=" " tag="310"><subfield code="a">Weekly</subfield></datafield><datafield ind1=" " ind2=" " tag="580"><subfield code="a">Formed by the union of: Barton's free press and: Jackson County Republican.</subfield></datafield><datafield ind1=" " ind2=" " tag="588"><subfield code="a">Description based on: Whole no. 194 (Apr. 21, 1894) = v. 4, no. 36 = v. 17, no. 15.</subfield></datafield><datafield ind1=" " ind2=" " tag="588"><subfield code="a">Latest issue consulted: Whole no. 194 (Apr. 21, 1894) = v. 4, no. 36 = v. 17, no. 15.</subfield></datafield><datafield ind1=" " ind2="0" tag="651"><subfield code="a">Carbondale (Ill.)</subfield><subfield code="v">Newspapers.</subfield></datafield><datafield ind1=" " ind2="0" tag="651"><subfield code="a">Jackson County (Ill.)</subfield><subfield code="v">Newspapers.</subfield></datafield><datafield ind1=" " ind2="7" tag="651"><subfield code="a">Illinois</subfield><subfield code="z">Carbondale.</subfield><subfield code="2">fast</subfield><subfield code="0">(OCoLC)fst01206446</subfield></datafield><datafield ind1=" " ind2="7" tag="651"><subfield code="a">Illinois</subfield><subfield code="z">Jackson County.</subfield><subfield code="2">fast</subfield><subfield code="0">(OCoLC)fst01207037</subfield></datafield><datafield ind1=" " ind2="7" tag="655"><subfield code="a">Newspapers.</subfield><subfield code="2">fast</subfield><subfield code="0">(OCoLC)fst01423814</subfield></datafield><datafield ind1=" " ind2=" " tag="752"><subfield code="a">United States</subfield><subfield code="b">Illinois</subfield><subfield code="c">Jackson</subfield><subfield code="d">Carbondale.</subfield></datafield><datafield ind1="1" ind2="4" tag="780"><subfield code="t">Barton's free press</subfield><subfield code="w">(DLC)sn 92054641</subfield><subfield code="w">(OCoLC)26874753</subfield></datafield><datafield ind1="1" ind2="4" tag="780"><subfield code="t">Jackson County Republican</subfield><subfield code="w">(DLC)sn2006061017</subfield><subfield code="w">(OCoLC)70791596</subfield></datafield><datafield ind1="0" ind2="0" tag="785"><subfield code="t">Carbondale free press (Carbondale, Ill. : 1899)</subfield><subfield code="w">(DLC)sn 92054643</subfield><subfield code="w">(OCoLC)26875301</subfield></datafield></record>